<?xml version="1.0" encoding="UTF-8"?><collection xmlns="http://www.loc.gov/MARC21/slim"><record><leader>00374nam--2200121-i-4500</leader><controlfield tag="001">000034851</controlfield><controlfield tag="002">20161230</controlfield><controlfield tag="005">20161230201040</controlfield><controlfield tag="008">060222s1000------------r-----000-0-eng-d</controlfield><datafield ind1=" " ind2=" " tag="080"><subfield code="a">614.876</subfield></datafield><datafield ind1=" " ind2=" " tag="245"><subfield code="a">Normes de base pour la protection contre les radiations. (edition revisee 1968)</subfield></datafield><datafield ind1=" " ind2=" " tag="260"><subfield code="a">Paris, Agence Europeenne Pour L`Energie Nucleaire, Ocde, 1968, 49p</subfield></datafield><datafield ind1=" " ind2=" " tag="852"><subfield code="a">33961</subfield></datafield></record></collection>